%% Created using Papers on Wed, 07 Sep 2016.
%% http://papersapp.com/papers/

@techreport{Krogh:1993vw,
author = {Krogh, Anders and Brown, Michael and Mian, Saira and Sjolander, Kimmen and Haussler, David},
title = {{Hidden Markov Models in Computational Biology}},
institution = {University of California Santa Crus},
year = {1993},
number = {UCSC-CRL-93-32},
month = aug
}

@article{Rabiner:1989hmm,
author = {Rabiner, Lawrence R},
title = {{A tutorial on hidden Markov models and selected applications in speech recognition }},
journal = {Proceedings of the IEEE},
year = {1989},
pages = {257--286},
month = feb
}

@article{Eddy:2004wva,
author = {Eddy, S R},
title = {{What is a hidden Markov model?}},
journal = {Nature biotechnology},
year = {2004},
volume = {22},
number = {10},
pages = {1315--1316},
month = oct
}

@article{Eddy:2016ts,
author = {Eddy, Sean R},
title = {{Multiple Alignment Using Hidden Markov Models}},
year = {2016},
pages = {1--7},
month = sep
}

@article{Farrar:2007ce,
author = {Farrar, M},
title = {{Striped Smith-Waterman speeds database searches six times over other SIMD implementations}},
journal = {Bioinformatics},
year = {2007},
volume = {23},
number = {2},
pages = {156--161},
month = jan
}

@article{Eddy:1995cq,
author = {Eddy, S R and Mitchison, G and Durbin, R},
title = {{Maximum discrimination hidden Markov models of sequence consensus}},
journal = {Journal of Computational Biology},
year = {1995},
volume = {2},
number = {1},
pages = {9--23}
}

@article{Eddy:1998vg,
author = {Eddy, S R},
title = {{Profile hidden Markov models}},
journal = {Bioinformatics},
year = {1998},
volume = {14},
number = {9},
pages = {755--763}
}

@article{Eddy:2011ic,
author = {Eddy, Sean R},
title = {{Accelerated Profile HMM Searches}},
journal = {PLoS computational biology},
year = {2011},
volume = {7},
number = {10},
pages = {e1002195--16},
month = oct
}

@article{Eddy:2008go,
author = {Eddy, Sean R},
title = {{A Probabilistic Model of Local Sequence Alignment That Simplifies Statistical Significance Estimation}},
journal = {PLoS computational biology},
year = {2008},
volume = {4},
number = {5},
pages = {e1000069--14},
month = may
}

@booklet{Durbin:1998wz,
title = {{Biological sequence analysis: probabilistic models of proteins and nucleic acids}},
author = {Durbin, R and Eddy, S R and Krogh, A and Mitchison, G},
year = {1998}
}

